<?xml version="1.0" encoding="UTF-8"?>
<collection xmlns:xsi="http://www.w3.org/2001/XMLSchema-instance" xsi:schemaLocation="http://www.loc.gov/MARC21/slim http://www.loc.gov/standards/marcxml/schema/MARC21slim.xsd" xmlns="http://www.loc.gov/MARC21/slim">
<record>
  <leader>01072nam a22001811i 4500</leader>
  <controlfield tag="001">2957826</controlfield>
  <controlfield tag="003">NNC</controlfield>
  <controlfield tag="005">20030429141026.0</controlfield>
  <controlfield tag="008">010212s1930    ua            000 0 ara d</controlfield>
  <datafield tag="035" ind1=" " ind2=" ">
    <subfield code="a">(OCoLC)ocm45894011</subfield>
  </datafield>
  <datafield tag="035" ind1=" " ind2=" ">
    <subfield code="9">ASK2922CU</subfield>
  </datafield>
  <datafield tag="040" ind1=" " ind2=" ">
    <subfield code="a">ZCU</subfield>
    <subfield code="c">ZCU</subfield>
  </datafield>
  <datafield tag="090" ind1=" " ind2=" ">
    <subfield code="a">BP131.5</subfield>
    <subfield code="b">.A28</subfield>
  </datafield>
  <datafield tag="100" ind1="1" ind2=" ">
    <subfield code="a">Abū Shāmah, ʻAbd al-Raḥmān ibn Ismāʻīl,</subfield>
    <subfield code="d">1203-1267.</subfield>
  </datafield>
  <datafield tag="245" ind1="1" ind2="0">
    <subfield code="a">Ibrāz al-maʻānī min Ḥirz al-amānī, li-ʻAbd al-Raḥmān ibn Ismāʻīl al-maʻrūf bi-Abī Shāmah;</subfield>
    <subfield code="b">wa-huwa sharh Matn al-Shāṭibiyah fī al-qirāʾāt al-sabʻ, li-Abī al-Qāsim ibn Fīrruh al-Shāṭibī. Wa-bi-hāmishihī kitābān: [1] Irshād al-murīd ilā maqṣūd al-qasīd, wa-huwa sharḥ ʻalā al-Shāṭibīyah aydan; [2] al-Bahjah al-mardīyah, sharḥ al-Durrah al-mudīʾah fī al-qirāʾāt al-thalāth al-mutammimah lil-ʻashr, kilāhumā lil-ustādh ʻAlī ibn Muḥammad al-shahīr bi-al-Dabb-āʻ.</subfield>
  </datafield>
  <datafield tag="260" ind1=" " ind2=" ">
    <subfield code="a">Miṣr,</subfield>
    <subfield code="b">Musṭafā al-Bābī al-Ḥalabī,</subfield>
    <subfield code="c">1349 [1930]</subfield>
  </datafield>
  <datafield tag="300" ind1=" " ind2=" ">
    <subfield code="a">528 p.</subfield>
    <subfield code="c">28 cm.</subfield>
  </datafield>
  <datafield tag="955" ind1=" " ind2=" ">
    <subfield code="b">CU55318932</subfield>
    <subfield code="d">off,glx</subfield>
    <subfield code="e">BP131.5 .A28</subfield>
  </datafield>
</record>
</collection>